<record><leader>00000cas a22000007a 4500</leader><controlfield tag="001">18824770</controlfield><controlfield tag="008">881201d185618uuscudr ne      0    0eng d</controlfield><datafield ind1=" " ind2=" " tag="010"><subfield code="a">sn 88074909 </subfield></datafield><datafield ind1=" " ind2=" " tag="040"><subfield code="a">NYS</subfield><subfield code="b">eng</subfield><subfield code="c">NYS</subfield><subfield code="d">SVN</subfield><subfield code="d">NVK</subfield><subfield code="d">OCL</subfield><subfield code="d">OCLCQ</subfield><subfield code="d">OCLCF</subfield><subfield code="d">OCLCO</subfield></datafield><datafield ind1="1" ind2=" " tag="029"><subfield code="a">AU@</subfield><subfield code="b">000020237285</subfield></datafield><datafield ind1=" " ind2=" " tag="042"><subfield code="a">msc</subfield></datafield><datafield ind1=" " ind2=" " tag="043"><subfield code="a">n-us-sc</subfield></datafield><datafield ind1="0" ind2="4" tag="245"><subfield code="a">The Charleston standard.</subfield></datafield><datafield ind1="1" ind2=" " tag="246"><subfield code="i">Issue for May 9, 1856 has title:</subfield><subfield code="a">Charleston daily</subfield></datafield><datafield ind1=" " ind2=" " tag="260"><subfield code="a">Charleston, S.C. :</subfield><subfield code="b">L.W. Spratt &amp; Co.,</subfield><subfield code="c">1856-</subfield></datafield><datafield ind1=" " ind2=" " tag="300"><subfield code="a">v.</subfield></datafield><datafield ind1=" " ind2=" " tag="310"><subfield code="a">Daily</subfield></datafield><datafield ind1="0" ind2=" " tag="362"><subfield code="a">Vol. 10, no. 1,488 (May 6, 1856)-.</subfield></datafield><datafield ind1=" " ind2="0" tag="651"><subfield code="a">Charleston (S.C.)</subfield><subfield code="v">Newspapers.</subfield></datafield><datafield ind1=" " ind2="7" tag="655"><subfield code="a">Newspapers.</subfield><subfield code="2">fast</subfield><subfield code="0">(OCoLC)fst01423814</subfield></datafield><datafield ind1=" " ind2="7" tag="651"><subfield code="a">South Carolina</subfield><subfield code="z">Charleston.</subfield><subfield code="2">fast</subfield><subfield code="0">(OCoLC)fst01204603</subfield></datafield><datafield ind1=" " ind2=" " tag="752"><subfield code="a">United States</subfield><subfield code="b">South Carolina</subfield><subfield code="c">Charleston</subfield><subfield code="d">Charleston.</subfield></datafield><datafield ind1="0" ind2=" " tag="775"><subfield code="t">Charleston weekly standard</subfield><subfield code="w">(DLC)sn 92065456</subfield></datafield><datafield ind1="0" ind2=" " tag="775"><subfield code="t">Charleston tri-weekly standard</subfield><subfield code="w">(DLC)sn 92065461</subfield></datafield><datafield ind1="0" ind2="0" tag="780"><subfield code="t">Charleston daily standard</subfield><subfield code="w">(DLC)sn 93067611</subfield></datafield></record>